@Book{xie2015,
  title = {Dynamic Documents with {R} and knitr},
  author = {Yihui Xie},
  publisher = {Chapman and Hall/CRC},
  address = {Boca Raton, Florida},
  year = {2015},
  edition = {2nd},
  note = {ISBN 978-1498716963},
  url = {http://yihui.org/knitr/},
}

@Book{RDocumentation,
  title = {R Documentation},
  author = {{R Core Team}},
  organization = {R Foundation for Statistical Computing},
  url = {https://www.rdocumentation.org/packages/stats/versions/3.6.2/topics/ts},
}
